%% This BibTeX bibliography file was created using BibDesk.
%% http://bibdesk.sourceforge.net/


%% Created for Deepakshi at 2016-07-27 12:32:16 -0600 


%% Saved with string encoding Unicode (UTF-8) 



@article{Hillenbrand1997,
	Adsnote = {Provided by the SAO/NASA Astrophysics Data System},
	Adsurl = {http://adsabs.harvard.edu/abs/1997AJ....113.1733H},
	Author = {{Hillenbrand}, L.~A.},
	Date-Added = {2016-07-27 18:32:02 +0000},
	Date-Modified = {2016-07-27 18:32:14 +0000},
	Doi = {10.1086/118389},
	Journal = {AJ},
	Month = may,
	Pages = {1733-1768},
	Title = {{On the Stellar Population and Star-Forming History of the Orion Nebula Cluster}},
	Volume = 113,
	Year = 1997,
	Bdsk-Url-1 = {http://dx.doi.org/10.1086/118389}}

@article{Oliveira2005,
	Adsnote = {Provided by the SAO/NASA Astrophysics Data System},
	Adsurl = {http://adsabs.harvard.edu/abs/2005MNRAS.358L..21O},
	Author = {{Oliveira}, J.~M. and {Jeffries}, R.~D. and {van Loon}, J.~T. and {Littlefair}, S.~P. and {Naylor}, T.},
	Date-Added = {2016-07-27 18:29:04 +0000},
	Date-Modified = {2016-07-27 18:29:13 +0000},
	Doi = {10.1111/j.1745-3933.2005.00020.x},
	Eprint = {astro-ph/0501208},
	Journal = {\mnras},
	Keywords = {circumstellar matter, stars: late-type, stars: pre-main-sequence, open clusters and associations: individual: NGC 6611, infrared: stars},
	Month = mar,
	Pages = {L21-L24},
	Title = {{Circumstellar discs around solar mass stars in NGC 6611}},
	Volume = 358,
	Year = 2005,
	Bdsk-Url-1 = {http://dx.doi.org/10.1111/j.1745-3933.2005.00020.x}}

@article{Oliveira2009,
	Adsnote = {Provided by the SAO/NASA Astrophysics Data System},
	Adsurl = {http://adsabs.harvard.edu/abs/2009MNRAS.392.1034O},
	Archiveprefix = {arXiv},
	Author = {{Oliveira}, J.~M. and {Jeffries}, R.~D. and {van Loon}, J.~T.},
	Date-Added = {2016-07-27 18:27:53 +0000},
	Date-Modified = {2016-07-27 18:28:05 +0000},
	Doi = {10.1111/j.1365-2966.2008.14140.x},
	Eprint = {0810.4444},
	Journal = {\mnras},
	Keywords = {stars: late-type , stars: low-mass, brown dwarfs , stars: luminosity function, mass function , stars: pre-main-sequence , open cluster and associations: individual: NGC6611},
	Month = jan,
	Pages = {1034-1050},
	Title = {{The low-mass initial mass function in the young cluster NGC6611}},
	Volume = 392,
	Year = 2009,
	Bdsk-Url-1 = {http://dx.doi.org/10.1111/j.1365-2966.2008.14140.x}}

@article{Levine2006,
	Adsnote = {Provided by the SAO/NASA Astrophysics Data System},
	Adsurl = {http://adsabs.harvard.edu/abs/2006ApJ...646.1215L},
	Author = {{Levine}, J.~L. and {Steinhauer}, A. and {Elston}, R.~J. and {Lada}, E.~A.},
	Date-Added = {2016-07-27 18:26:24 +0000},
	Date-Modified = {2016-07-27 18:26:35 +0000},
	Doi = {10.1086/504964},
	Eprint = {astro-ph/0604315},
	Journal = {ApJ},
	Keywords = {Infrared: Stars, Galaxy: Open Clusters and Associations: Individual: NGC Number: NGC 2024, Stars: Low-Mass, Brown Dwarfs, Stars: Luminosity Function, Mass Function, Stars: Pre-Main-Sequence},
	Month = aug,
	Pages = {1215-1229},
	Title = {{Low-Mass Stars and Brown Dwarfs in NGC 2024: Constraints on the Substellar Mass Function}},
	Volume = 646,
	Year = 2006,
	Bdsk-Url-1 = {http://dx.doi.org/10.1086/504964}}

@article{DaRio2012,
	Adsnote = {Provided by the SAO/NASA Astrophysics Data System},
	Adsurl = {http://adsabs.harvard.edu/abs/2012ApJ...748...14D},
	Archiveprefix = {arXiv},
	Author = {{Da Rio}, N. and {Robberto}, M. and {Hillenbrand}, L.~A. and {Henning}, T. and {Stassun}, K.~G.},
	Date-Added = {2016-07-27 18:24:05 +0000},
	Date-Modified = {2016-07-27 18:24:19 +0000},
	Doi = {10.1088/0004-637X/748/1/14},
	Eid = {14},
	Eprint = {1112.2711},
	Journal = {ApJ},
	Keywords = {brown dwarfs, Hertzsprung-Russell and C-M diagrams, open clusters and associations: individual: Orion, stars: formation, stars: luminosity function, mass function, stars: pre-main sequence},
	Month = mar,
	Pages = {14},
	Title = {{The Initial Mass Function of the Orion Nebula Cluster across the H-burning Limit}},
	Volume = 748,
	Year = 2012,
	Bdsk-Url-1 = {http://dx.doi.org/10.1088/0004-637X/748/1/14}}

@article{Andersen2011,
	Adsnote = {Provided by the SAO/NASA Astrophysics Data System},
	Adsurl = {http://adsabs.harvard.edu/abs/2011A%26A...534A..10A},
	Archiveprefix = {arXiv},
	Author = {{Andersen}, M. and {Meyer}, M.~R. and {Robberto}, M. and {Bergeron}, L.~E. and {Reid}, N.},
	Date-Added = {2016-07-27 18:21:29 +0000},
	Date-Modified = {2016-07-27 18:24:36 +0000},
	Doi = {10.1051/0004-6361/201117062},
	Eid = {A10},
	Eprint = {1108.5581},
	Journal = {A\&A},
	Keywords = {brown dwarfs, stars: formation, stars: pre-main sequence, stars: luminosity function, mass function, stars: low-mass},
	Month = oct,
	Pages = {A10},
	Primaryclass = {astro-ph.SR},
	Title = {{The low-mass initial mass function in the Orion nebula cluster based on HST/NICMOS III imaging}},
	Volume = 534,
	Year = 2011,
	Bdsk-Url-1 = {http://dx.doi.org/10.1051/0004-6361/201117062}}

@article{Palla1999,
	Adsnote = {Provided by the SAO/NASA Astrophysics Data System},
	Adsurl = {http://adsabs.harvard.edu/abs/1999ApJ...525..772P},
	Author = {{Palla}, F. and {Stahler}, S.~W.},
	Date-Added = {2016-07-27 18:20:01 +0000},
	Date-Modified = {2016-07-27 18:24:53 +0000},
	Doi = {10.1086/307928},
	Journal = {ApJ},
	Keywords = {GALAXY: OPEN CLUSTERS AND ASSOCIATIONS: INDIVIDUAL: NAME: ORION NEBULA CLUSTER, STARS: EVOLUTION, STARS: FORMATION, STARS: PRE-MAIN-SEQUENCE, Galaxy: Open Clusters and Associations: Individual: Name: Orion Nebula Cluster, Stars: Evolution, Stars: Formation, Stars: Pre-Main-Sequence},
	Month = nov,
	Pages = {772-783},
	Title = {{Star Formation in the Orion Nebula Cluster}},
	Volume = 525,
	Year = 1999,
	Bdsk-Url-1 = {http://dx.doi.org/10.1086/307928}}

@book{Carroll2006,
	Author = {Carroll, Bradley W and Ostlie, Dale A},
	Date-Added = {2016-07-27 04:19:15 +0000},
	Date-Modified = {2016-07-27 04:19:24 +0000},
	Title = {An introduction to modern astrophysics and cosmology},
	Volume = {1},
	Year = {2006}}

@article{DAntona1994,
	Adsnote = {Provided by the SAO/NASA Astrophysics Data System},
	Adsurl = {http://adsabs.harvard.edu/abs/1994ApJS...90..467D},
	Author = {{D'Antona}, F. and {Mazzitelli}, I.},
	Date-Added = {2016-07-27 03:29:53 +0000},
	Date-Modified = {2016-07-27 03:37:36 +0000},
	Doi = {10.1086/191867},
	Journal = {ApJS},
	Keywords = {Combustion, Computational Astrophysics, Deuterium, Hertzsprung-Russell Diagram, Lithium, Opacity, Pre-Main Sequence Stars, Stellar Convection, Stellar Evolution, Stellar Models, Abundance, Atomic Interactions, Computation, Equations Of State, Equilibrium Methods, Hydrostatics, Numerical Analysis},
	Month = jan,
	Pages = {467-500},
	Title = {{New pre-main-sequence tracks for M less than or equal to 2.5 solar mass as tests of opacities and convection model}},
	Volume = 90,
	Year = 1994,
	Bdsk-Url-1 = {http://dx.doi.org/10.1086/191867}}

@article{Bertelli1994,
	Author = {Bertelli, G and Bressan, A and Chiosi, Ci and Fagotto, F and Nasi, E},
	Date-Added = {2016-07-26 01:27:44 +0000},
	Date-Modified = {2016-07-26 01:27:59 +0000},
	Journal = {Astronomy and Astrophysics Supplement Series},
	Title = {Theoretical isochrones from models with new radiative opacities},
	Volume = {106},
	Year = {1994}}

@article{Ethan2008,
	Author = {{White}, Ethan P and Enquist, Brian J and Green, Jessica L},
	Date-Added = {2016-07-26 00:22:26 +0000},
	Date-Modified = {2016-07-26 00:22:40 +0000},
	Journal = {Ecology},
	Number = {4},
	Pages = {905--912},
	Publisher = {Wiley Online Library},
	Title = {{On estimating the exponent of power-law frequency distributions}},
	Volume = {89},
	Year = {2008}}

@article{Bertelli19941,
	Adsnote = {Provided by the SAO/NASA Astrophysics Data System},
	Adsurl = {http://adsabs.harvard.edu/abs/1994A%26AS..106..275B},
	Author = {{Bertelli}, G. and {Bressan}, A. and {Chiosi}, C. and {Fagotto}, F. and {Nasi}, E.},
	Date-Added = {2016-07-26 00:16:56 +0000},
	Date-Modified = {2016-07-27 03:36:35 +0000},
	Journal = {A\&AS},
	Keywords = {STARS: EVOLUTION, INTERIORS, FUNDAMENTAL PARAMETERS, HR DIAGRAM},
	Month = aug,
	Title = {{Theoretical isochrones from models with new radiative opacities}},
	Volume = 106,
	Year = 1994}

@article{Burnham2004,
	Author = {Burnham, Kenneth P and Anderson, David R},
	Date-Added = {2016-07-26 00:10:55 +0000},
	Date-Modified = {2016-07-26 00:11:04 +0000},
	Journal = {Sociological methods \& research},
	Number = {2},
	Pages = {261--304},
	Publisher = {Sage Publications},
	Title = {Multimodel inference understanding AIC and BIC in model selection},
	Volume = {33},
	Year = {2004}}

@article{Zucchini2000,
	Author = {{Zucchini}, Walter},
	Date-Added = {2016-07-25 22:34:02 +0000},
	Date-Modified = {2016-07-25 22:34:16 +0000},
	Journal = {Journal of mathematical psychology},
	Number = {1},
	Pages = {41--61},
	Publisher = {Elsevier},
	Title = {{An introduction to model selection}},
	Volume = {44},
	Year = {2000}}

@article{Schwarz1978,
	Author = {Schwarz, Gideon and others},
	Date-Added = {2016-07-25 22:02:09 +0000},
	Date-Modified = {2016-07-25 22:02:21 +0000},
	Journal = {The annals of statistics},
	Number = {2},
	Pages = {461--464},
	Publisher = {Institute of Mathematical Statistics},
	Title = {Estimating the dimension of a model},
	Volume = {6},
	Year = {1978}}

@article{Akaike1974,
	Author = {{Akaike}, Hirotugu},
	Date-Added = {2016-07-25 22:01:30 +0000},
	Date-Modified = {2016-07-25 22:19:31 +0000},
	Journal = {IEEE transactions on automatic control},
	Number = {6},
	Pages = {716--723},
	Publisher = {Ieee},
	Title = {{A new look at the statistical model identification}},
	Volume = {19},
	Year = {1974}}

@article{White2008,
	Author = {White, Ethan P and Enquist, Brian J and Green, Jessica L},
	Date-Added = {2016-07-25 22:00:51 +0000},
	Date-Modified = {2016-07-25 22:13:02 +0000},
	Journal = {Ecology},
	Number = {4},
	Pages = {905--912},
	Publisher = {Wiley Online Library},
	Title = {On estimating the exponent of power-law frequency distributions},
	Volume = {89},
	Year = {2008}}

@article{Myers1999,
	Author = {Myers, PC},
	Date-Added = {2016-07-25 22:00:25 +0000},
	Date-Modified = {2016-07-25 22:00:30 +0000},
	Journal = {The Astrophysical Journal Letters},
	Number = {2},
	Pages = {L119},
	Publisher = {IOP Publishing},
	Title = {Growth of an Initial Mass Function Cluster in a Turbulent Dense Core},
	Volume = {530},
	Year = {2000}}

@article{Andersen1991,
	Author = {{Andersen}, Johannes},
	Date-Added = {2016-07-25 21:54:37 +0000},
	Date-Modified = {2016-07-25 22:19:40 +0000},
	Journal = {The Astronomy and Astrophysics Review},
	Number = {2},
	Pages = {91--126},
	Publisher = {Springer},
	Title = {{Accurate masses and radii of normal stars}},
	Volume = {3},
	Year = {1991}}

@article{kirkpatrick1983,
	Author = {Kirkpatrick, Scott and Gelatt, C Daniel and Vecchi, Mario P and others},
	Date-Added = {2016-07-24 03:58:11 +0000},
	Date-Modified = {2016-07-24 03:58:21 +0000},
	Journal = {science},
	Number = {4598},
	Pages = {671--680},
	Publisher = {Washington},
	Title = {Optimization by simmulated annealing},
	Volume = {220},
	Year = {1983}}

@inproceedings{eberhart1995,
	Author = {Eberhart, Russ C and Kennedy, James and others},
	Booktitle = {Proceedings of the sixth international symposium on micro machine and human science},
	Date-Added = {2016-07-24 03:56:52 +0000},
	Date-Modified = {2016-07-24 03:56:58 +0000},
	Organization = {New York, NY},
	Pages = {39--43},
	Title = {A new optimizer using particle swarm theory},
	Volume = {1},
	Year = {1995}}

@book{johnson2002,
	Author = {Johnson, Norman L and Kotz, Samuel and Balakrishnan, N},
	Date-Added = {2016-07-23 18:43:49 +0000},
	Date-Modified = {2016-07-23 18:43:58 +0000},
	Publisher = {New York: John Wiley \& Sons},
	Title = {Continuous multivariate distributions, volume 1, models and applications},
	Volume = {59},
	Year = {2002}}

@article{Maiz2005,
	Adsnote = {Provided by the SAO/NASA Astrophysics Data System},
	Adsurl = {http://adsabs.harvard.edu/abs/2005ApJ...629..873M},
	Author = {{Ma{\'{\i}}z Apell{\'a}niz}, J. and {{\'U}beda}, L.},
	Date-Added = {2016-07-14 04:25:55 +0000},
	Date-Modified = {2016-07-27 03:43:30 +0000},
	Doi = {10.1086/431458},
	Eprint = {astro-ph/0505012},
	Journal = {ApJ},
	Keywords = {Methods: Numerical, Methods: Statistical, Stars: Luminosity Function, Mass Function},
	Month = aug,
	Pages = {873-880},
	Title = {{Numerical Biases on Initial Mass Function Determinations Created by Binning}},
	Volume = 629,
	Year = 2005,
	Bdsk-Url-1 = {http://dx.doi.org/10.1086/431458}}

@inproceedings{Muerer2009,
	Adsnote = {Provided by the SAO/NASA Astrophysics Data System},
	Adsurl = {http://adsabs.harvard.edu/abs/2009AAS...21344306M},
	Author = {{Meurer}, G.~R. and {Wong}, O.~I. and {Kim}, J.~H. and {Hanish}, D.~J. and {SUNGG} and {SINGG}},
	Booktitle = {American Astronomical Society Meeting Abstracts \#213},
	Date-Added = {2016-07-08 07:23:37 +0000},
	Date-Modified = {2016-07-08 07:23:43 +0000},
	Eid = {443.06},
	Month = jan,
	Pages = {324},
	Series = {Bulletin of the American Astronomical Society},
	Title = {{Evidence for a Non-Uniform Initial Mass Function in the Local Universe}},
	Volume = 41,
	Year = 2009}

@article{Dib2014,
	Adsnote = {Provided by the SAO/NASA Astrophysics Data System},
	Adsurl = {http://adsabs.harvard.edu/abs/2014MNRAS.444.1957D},
	Archiveprefix = {arXiv},
	Author = {{Dib}, S.},
	Date-Added = {2016-07-08 07:22:08 +0000},
	Date-Modified = {2016-07-27 03:37:48 +0000},
	Doi = {10.1093/mnras/stu1521},
	Eprint = {1405.3287},
	Journal = {MNRAS},
	Keywords = {stars: formation, stars: luminosity function, mass function, stars: statistics, open clusters and associations: general, galaxies: clusters: general},
	Month = oct,
	Pages = {1957-1981},
	Title = {{Testing the universality of the IMF with Bayesian statistics: young clusters}},
	Volume = 444,
	Year = 2014,
	Bdsk-Url-1 = {http://dx.doi.org/10.1093/mnras/stu1521}}

@article{Mesa2013,
	Adsnote = {Provided by the SAO/NASA Astrophysics Data System},
	Adsurl = {http://adsabs.harvard.edu/abs/2013ApJS..208....4P},
	Archiveprefix = {arXiv},
	Author = {{Paxton}, B. and {Cantiello}, M. and {Arras}, P. and {Bildsten}, L. and {Brown}, E.~F. and {Dotter}, A. and {Mankovich}, C. and {Montgomery}, M.~H. and {Stello}, D. and {Timmes}, F.~X. and {Townsend}, R.},
	Date-Added = {2016-07-08 07:04:03 +0000},
	Date-Modified = {2016-07-27 03:43:49 +0000},
	Doi = {10.1088/0067-0049/208/1/4},
	Eid = {4},
	Eprint = {1301.0319},
	Journal = {ApJS},
	Keywords = {asteroseismology, methods: numerical, planets and satellites: physical evolution, stars: evolution, stars: massive, stars: rotation},
	Month = sep,
	Pages = {4},
	Primaryclass = {astro-ph.SR},
	Title = {{Modules for Experiments in Stellar Astrophysics (MESA): Planets, Oscillations, Rotation, and Massive Stars}},
	Volume = 208,
	Year = 2013,
	Bdsk-Url-1 = {http://dx.doi.org/10.1088/0067-0049/208/1/4}}

@article{Baraffe1998,
	Adsnote = {Provided by the SAO/NASA Astrophysics Data System},
	Adsurl = {http://adsabs.harvard.edu/abs/1998A%26A...337..403B},
	Author = {{Baraffe}, I. and {Chabrier}, G. and {Allard}, F. and {Hauschildt}, P.~H.},
	Date-Added = {2016-07-08 06:59:35 +0000},
	Date-Modified = {2016-07-27 03:35:14 +0000},
	Eprint = {astro-ph/9805009},
	Journal = {A\&A},
	Keywords = {STARS: LOW-MASS, BROWN DWARFS, STARS: EVOLUTION, STARS: HERTZSPRUNG-RUSSEL (HR) AND C-M DIAGRAMS, STARS: INTERIORS, STARS: ATMOSPHERES},
	Month = sep,
	Pages = {403-412},
	Title = {{Evolutionary models for solar metallicity low-mass stars: mass-magnitude relationships and color-magnitude diagrams}},
	Volume = 337,
	Year = 1998}

@article{Geneva2001,
	Adsnote = {Provided by the SAO/NASA Astrophysics Data System},
	Adsurl = {http://adsabs.harvard.edu/abs/2001A%26A...366..538L},
	Author = {{Lejeune}, T. and {Schaerer}, D.},
	Date-Added = {2016-07-08 06:59:15 +0000},
	Date-Modified = {2016-07-27 03:41:18 +0000},
	Doi = {10.1051/0004-6361:20000214},
	Eprint = {astro-ph/0011497},
	Journal = {A\&A},
	Keywords = {STARS: GENERAL, STARS: EVOLUTION, STARS: HERTZSPRUNG-RUSSELL DIAGRAM, STARS: FUNDAMENTAL PARAMETERS},
	Month = feb,
	Pages = {538-546},
	Title = {{Database of Geneva stellar evolution tracks and isochrones for (UBV)$_{J}$(RI)$_{C}$ JHKLL'M, HST-WFPC2, Geneva and Washington photometric systems}},
	Volume = 366,
	Year = 2001,
	Bdsk-Url-1 = {http://dx.doi.org/10.1051/0004-6361:20000214}}

@article{Masch2012,
	Adsnote = {Provided by the SAO/NASA Astrophysics Data System},
	Adsurl = {http://adsabs.harvard.edu/abs/2013MNRAS.429.1725M},
	Archiveprefix = {arXiv},
	Author = {{Maschberger}, T.},
	Date-Added = {2016-07-08 06:56:33 +0000},
	Date-Modified = {2016-07-27 03:43:35 +0000},
	Doi = {10.1093/mnras/sts479},
	Eprint = {1212.0939},
	Journal = {MNRAS},
	Keywords = {methods: data analysis, methods: statistical, stars: luminosity function, mass function},
	Month = feb,
	Pages = {1725-1733},
	Title = {{On the function describing the stellar initial mass function}},
	Volume = 429,
	Year = 2013,
	Bdsk-Url-1 = {http://dx.doi.org/10.1093/mnras/sts479}}

@article{par2011,
	Adsnote = {Provided by the SAO/NASA Astrophysics Data System},
	Adsurl = {http://adsabs.harvard.edu/abs/2011ApJ...726...27P},
	Archiveprefix = {arXiv},
	Author = {{Parravano}, A. and {McKee}, C.~F. and {Hollenbach}, D.~J.},
	Date-Added = {2016-07-08 06:56:05 +0000},
	Date-Modified = {2016-07-27 03:44:33 +0000},
	Doi = {10.1088/0004-637X/726/1/27},
	Eid = {27},
	Eprint = {1010.2452},
	Journal = {ApJ},
	Keywords = {evolution, stars: formation, stars: luminosity function, mass function},
	Month = jan,
	Pages = {27},
	Title = {{An Initial Mass Function for Individual Stars in Galactic Disks. I. Constraining the Shape of the Initial Mass Function}},
	Volume = 726,
	Year = 2011,
	Bdsk-Url-1 = {http://dx.doi.org/10.1088/0004-637X/726/1/27}}

@article{xia2008,
	Adsnote = {Provided by the SAO/NASA Astrophysics Data System},
	Adsurl = {http://adsabs.harvard.edu/abs/2008Ap%26SS.314...51X},
	Archiveprefix = {arXiv},
	Author = {{Xia}, F. and {Ren}, S. and {Fu}, Y.},
	Date-Added = {2016-07-08 00:20:20 +0000},
	Date-Modified = {2016-07-27 03:47:17 +0000},
	Doi = {10.1007/s10509-007-9729-8},
	Eprint = {0712.3642},
	Journal = {Astrophysics and Space Science},
	Keywords = {Stars: low-mass, Stars: fundamental parameters, Methods: numerical},
	Month = apr,
	Pages = {51-58},
	Title = {{The empirical mass-luminosity relation for low mass stars}},
	Volume = 314,
	Year = 2008,
	Bdsk-Url-1 = {http://dx.doi.org/10.1007/s10509-007-9729-8}}

@article{sir2000,
	Adsnote = {Provided by the SAO/NASA Astrophysics Data System},
	Adsurl = {http://adsabs.harvard.edu/abs/2000ApJ...533..203S},
	Author = {{Sirianni}, M. and {Nota}, A. and {Leitherer}, C. and {De Marchi}, G. and {Clampin}, M.},
	Date-Added = {2016-07-08 00:16:17 +0000},
	Date-Modified = {2016-07-27 03:45:12 +0000},
	Doi = {10.1086/308628},
	Eprint = {astro-ph/9911524},
	Journal = {ApJ},
	Keywords = {GALAXIES: STAR CLUSTERS, GALAXIES: MAGELLANIC CLOUDS, STARS: LUMINOSITY FUNCTION, MASS FUNCTION, STARS: PRE-MAIN-SEQUENCE},
	Month = apr,
	Pages = {203-214},
	Title = {{The Low End of the Initial Mass Function in Young Large Magellanic Cloud Clusters. I. The Case of R136}},
	Volume = 533,
	Year = 2000,
	Bdsk-Url-1 = {http://dx.doi.org/10.1086/308628}}

@article{sabbi2008,
	Adsnote = {Provided by the SAO/NASA Astrophysics Data System},
	Adsurl = {http://adsabs.harvard.edu/abs/2008AJ....135..173S},
	Archiveprefix = {arXiv},
	Author = {{Sabbi}, E. and {Sirianni}, M. and {Nota}, A. and {Tosi}, M. and {Gallagher}, J. and {Smith}, L.~J. and {Angeretti}, L. and {Meixner}, M. and {Oey}, M.~S. and {Walterbos}, R. and {Pasquali}, A.},
	Date-Added = {2016-07-08 00:12:22 +0000},
	Date-Modified = {2016-07-27 03:44:50 +0000},
	Doi = {10.1088/0004-6256/135/1/173},
	Eprint = {0710.0558},
	Journal = {AJ},
	Keywords = {galaxies: star clusters, Magellanic Clouds, open clusters and associations: individual: NGC 346, stars: luminosity function, mass function},
	Month = jan,
	Pages = {173-181},
	Title = {{The Stellar Mass Distribution in the Giant Star Forming Region NGC 346}},
	Volume = 135,
	Year = 2008,
	Bdsk-Url-1 = {http://dx.doi.org/10.1088/0004-6256/135/1/173}}

@article{Hunter2001,
	Adsnote = {Provided by the SAO/NASA Astrophysics Data System},
	Adsurl = {http://adsabs.harvard.edu/abs/2001ApJ...559..225H},
	Author = {{Hunter}, D.~A.},
	Date-Added = {2016-07-08 00:10:03 +0000},
	Date-Modified = {2016-07-27 03:41:54 +0000},
	Doi = {10.1086/322399},
	Eprint = {astro-ph/0105456},
	Journal = {ApJ},
	Keywords = {galaxies: individual (IC 10), Galaxies: Irregular, Galaxies: Star Clusters, Galaxies: Starburst, Galaxies: Stellar Content, Galaxies: Local Group},
	Month = sep,
	Pages = {225-242},
	Title = {{The Stellar Population and Star Clusters in the Unusual Local Group Galaxy IC 10}},
	Volume = 559,
	Year = 2001,
	Bdsk-Url-1 = {http://dx.doi.org/10.1086/322399}}

@article{Stolte2005,
	Adsnote = {Provided by the SAO/NASA Astrophysics Data System},
	Adsurl = {http://adsabs.harvard.edu/abs/2005ApJ...628L.113S},
	Author = {{Stolte}, A. and {Brandner}, W. and {Grebel}, E.~K. and {Lenzen}, R. and {Lagrange}, A.-M.},
	Date-Added = {2016-07-08 00:07:31 +0000},
	Date-Modified = {2016-07-27 03:45:19 +0000},
	Doi = {10.1086/432909},
	Eprint = {astro-ph/0506575},
	Journal = {ApJL},
	Keywords = {Galaxy: Center, Galaxy: Open Clusters and Associations: Individual: Name: Arches, Stars: Luminosity Function, Mass Function, Techniques: High Anular Resolution},
	Month = aug,
	Pages = {L113-L117},
	Title = {{The Arches Cluster: Evidence for a Truncated Mass Function?}},
	Volume = 628,
	Year = 2005,
	Bdsk-Url-1 = {http://dx.doi.org/10.1086/432909}}

@article{Holtzman1996,
	Adsnote = {Provided by the SAO/NASA Astrophysics Data System},
	Adsurl = {http://adsabs.harvard.edu/abs/1997AJ....113..656H},
	Author = {{Holtzman}, J.~A. and {Mould}, J.~R. and {Gallagher}, III, J.~S. and {Watson}, A.~M. and {Grillmair}, C.~J. and {Ballester}, G.~E. and {Burrows}, C.~J. and {Clarke}, J.~T. and {Crisp}, D. and {Evans}, R.~W. and {Griffiths}, R.~E. and {Hester}, J.~J. and {Hoessel}, J.~G. and {Scowen}, P.~A. and {Stapelfeldt}, K.~R. and {Trauger}, J.~T. and {Westphal}, J.~A.},
	Date-Added = {2016-07-08 00:05:51 +0000},
	Date-Modified = {2016-07-27 03:41:38 +0000},
	Doi = {10.1086/118284},
	Journal = {AJ},
	Month = feb,
	Pages = {656-668},
	Title = {{Stellar Populations in the Large Magellanic Cloud:Evidence for a Significant Number of Older Stars or a Steeper IMF?}},
	Volume = 113,
	Year = 1997,
	Bdsk-Url-1 = {http://dx.doi.org/10.1086/118284}}

@inproceedings{Holtzman1997,
	Adsnote = {Provided by the SAO/NASA Astrophysics Data System},
	Adsurl = {http://adsabs.harvard.edu/abs/1997AAS...19110706H},
	Author = {{Holtzman}, J. and {WFPC Id Team} and {WFPC2 Id Team}},
	Booktitle = {American Astronomical Society Meeting Abstracts},
	Date-Added = {2016-07-08 00:04:02 +0000},
	Date-Modified = {2016-07-08 00:04:12 +0000},
	Eid = {107.06},
	Month = dec,
	Pages = {1383},
	Series = {Bulletin of the American Astronomical Society},
	Title = {{The Luminosity Function and Initial Mass Function in the Galactic Bulge}},
	Volume = 29,
	Year = 1997}

@article{Andersen2009,
	Adsnote = {Provided by the SAO/NASA Astrophysics Data System},
	Adsurl = {http://adsabs.harvard.edu/abs/2010A%26ARv..18...67T},
	Archiveprefix = {arXiv},
	Author = {{Torres}, G. and {Andersen}, J. and {Gim{\'e}nez}, A.},
	Date-Added = {2016-07-07 22:46:15 +0000},
	Date-Modified = {2016-07-27 03:33:31 +0000},
	Doi = {10.1007/s00159-009-0025-1},
	Eprint = {0908.2624},
	Journal = {The Astronomy and Astrophysics Review},
	Keywords = {Stars: fundamental parameters, Stars: binaries: eclipsing, Stars: binaries: spectroscopic, Stars: interiors, Stars: evolution},
	Month = feb,
	Pages = {67-126},
	Primaryclass = {astro-ph.SR},
	Title = {{Accurate masses and radii of normal stars: modern results and applications}},
	Volume = 18,
	Year = 2010,
	Bdsk-Url-1 = {http://dx.doi.org/10.1007/s00159-009-0025-1}}

@article{Trotta2008,
	Adsnote = {Provided by the SAO/NASA Astrophysics Data System},
	Adsurl = {http://adsabs.harvard.edu/abs/2008ConPh..49...71T},
	Archiveprefix = {arXiv},
	Author = {{Trotta}, R.},
	Date-Added = {2016-07-07 20:16:40 +0000},
	Date-Modified = {2016-07-07 20:16:48 +0000},
	Doi = {10.1080/00107510802066753},
	Eprint = {0803.4089},
	Journal = {Contemporary Physics},
	Month = mar,
	Pages = {71-104},
	Title = {{Bayes in the sky: Bayesian inference and model selection in cosmology}},
	Volume = 49,
	Year = 2008,
	Bdsk-Url-1 = {http://dx.doi.org/10.1080/00107510802066753}}

@article{Szy2015,
	Adsnote = {Provided by the SAO/NASA Astrophysics Data System},
	Adsurl = {http://adsabs.harvard.edu/abs/2015EPJC...75....5S},
	Author = {{Szyd{\l}owski}, M. and {Krawiec}, A. and {Kurek}, A. and {Kamionka}, M.},
	Date-Added = {2016-07-07 20:15:56 +0000},
	Date-Modified = {2016-07-07 20:16:06 +0000},
	Doi = {10.1140/epjc/s10052-014-3236-1},
	Eid = {5},
	Journal = {European Physical Journal C},
	Month = jan,
	Pages = {5},
	Title = {{AIC, BIC, Bayesian evidence against the interacting dark energy model}},
	Volume = 75,
	Year = 2015,
	Bdsk-Url-1 = {http://dx.doi.org/10.1140/epjc/s10052-014-3236-1}}

@article{Liddle2004,
	Adsnote = {Provided by the SAO/NASA Astrophysics Data System},
	Adsurl = {http://adsabs.harvard.edu/abs/2004MNRAS.351L..49L},
	Author = {{Liddle}, A.~R.},
	Date-Added = {2016-07-07 20:15:12 +0000},
	Date-Modified = {2016-07-27 03:43:12 +0000},
	Doi = {10.1111/j.1365-2966.2004.08033.x},
	Eprint = {astro-ph/0401198},
	Journal = {MNRAS},
	Keywords = {cosmology: theory},
	Month = jul,
	Pages = {L49-L53},
	Title = {{How many cosmological parameters?}},
	Volume = 351,
	Year = 2004,
	Bdsk-Url-1 = {http://dx.doi.org/10.1111/j.1365-2966.2004.08033.x}}

@article{Liddle2007,
	Adsnote = {Provided by the SAO/NASA Astrophysics Data System},
	Adsurl = {http://adsabs.harvard.edu/abs/2007MNRAS.377L..74L},
	Author = {{Liddle}, A.~R.},
	Date-Added = {2016-07-07 20:14:29 +0000},
	Date-Modified = {2016-07-27 03:43:20 +0000},
	Doi = {10.1111/j.1745-3933.2007.00306.x},
	Eprint = {astro-ph/0701113},
	Journal = {MNRAS},
	Keywords = {methods: data analysis, methods: statistical, cosmology: theory},
	Month = may,
	Pages = {L74-L78},
	Title = {{Information criteria for astrophysical model selection}},
	Volume = 377,
	Year = 2007,
	Bdsk-Url-1 = {http://dx.doi.org/10.1111/j.1745-3933.2007.00306.x}}

@book{babu2012,
	Adsnote = {Provided by the SAO/NASA Astrophysics Data System},
	Adsurl = {http://adsabs.harvard.edu/abs/2012msma.book.....F},
	Author = {{Feigelson}, E.~D. and {Babu}, G.~J.},
	Booktitle = {Modern Statistical Methods for Astronomy, by Eric D.~Feigelson , G.~Jogesh Babu, Cambridge, UK: Cambridge University Press, 2012},
	Date-Added = {2016-06-29 16:30:53 +0000},
	Date-Modified = {2016-06-29 16:31:01 +0000},
	Month = jul,
	Title = {{Modern Statistical Methods for Astronomy}},
	Year = 2012}

@inproceedings{Chabrier2005,
	Adsnote = {Provided by the SAO/NASA Astrophysics Data System},
	Adsurl = {http://adsabs.harvard.edu/abs/2005ASSL..327...41C},
	Author = {{Chabrier}, G.},
	Booktitle = {The Initial Mass Function 50 Years Later},
	Date-Added = {2016-06-29 15:12:40 +0000},
	Date-Modified = {2016-06-29 15:12:49 +0000},
	Editor = {{Corbelli}, E. and {Palla}, F. and {Zinnecker}, H.},
	Eprint = {astro-ph/0409465},
	Month = jan,
	Pages = {41},
	Series = {Astrophysics and Space Science Library},
	Title = {{The Initial Mass Function: from Salpeter 1955 to 2005}},
	Volume = 327,
	Year = 2005}

@inproceedings{Mous1999,
	Adsnote = {Provided by the SAO/NASA Astrophysics Data System},
	Adsurl = {http://adsabs.harvard.edu/abs/1999ASIC..540..305M},
	Author = {{Mouschovias}, T.~C. and {Ciolek}, G.~E.},
	Booktitle = {NATO Advanced Science Institutes (ASI) Series C},
	Date-Added = {2016-06-29 15:09:42 +0000},
	Date-Modified = {2016-06-29 15:10:22 +0000},
	Editor = {{Lada}, C.~J. and {Kylafis}, N.~D.},
	Pages = {305},
	Series = {NATO Advanced Science Institutes (ASI) Series C},
	Title = {{Magnetic Fields and Star Formation: A Theory Reaching Adulthood}},
	Volume = 540,
	Year = 1999}

@article{Lianou13,
	Adsnote = {Provided by the SAO/NASA Astrophysics Data System},
	Adsurl = {http://cdsads.u-strasbg.fr/abs/2013A%26A...549A..47L},
	Archiveprefix = {arXiv},
	Author = {{Lianou}, S. and {Cole}, A.~A.},
	Date-Modified = {2016-07-27 03:43:06 +0000},
	Doi = {10.1051/0004-6361/201220193},
	Eid = {A47},
	Eprint = {1211.0137},
	Journal = {A\&A},
	Keywords = {galaxies: dwarf, galaxies: star formation, galaxies: individual: Sculptor dwarf irregular galaxy, galaxies: groups: individual: Sculptor group, galaxies: stellar content},
	Month = jan,
	Pages = {A47},
	Primaryclass = {astro-ph.CO},
	Title = {{The star formation history of the Sculptor dwarf irregular galaxy}},
	Volume = 549,
	Year = 2013,
	Bdsk-Url-1 = {http://dx.doi.org/10.1051/0004-6361/201220193}}

@article{Fischer98,
	Adsnote = {Provided by the SAO/NASA Astrophysics Data System},
	Adsurl = {http://adsabs.harvard.edu/abs/1998AJ....115..592F},
	Author = {{Fischer}, P. and {Pryor}, C. and {Murray}, S. and {Mateo}, M. and {Richtler}, T.},
	Date-Modified = {2016-07-27 03:38:33 +0000},
	Doi = {10.1086/300212},
	Journal = {ApJ},
	Keywords = {Magellanic Clouds, Galactic Clusters, Globular Clusters, Astronomical Photometry, Star Formation, Color-Magnitude Diagram, Charge Coupled Devices},
	Month = feb,
	Pages = {592},
	Title = {{Mass segregation in young Large Magellanic Cloud clusters. I - NGC 2157}},
	Volume = 115,
	Year = 1998,
	Bdsk-Url-1 = {http://dx.doi.org/10.1086/300212}}

@article{Dolphin00,
	Adsnote = {Provided by the SAO/NASA Astrophysics Data System},
	Adsurl = {http://cdsads.u-strasbg.fr/abs/2000PASP..112.1383D},
	Author = {{Dolphin}, A.~E.},
	Date-Modified = {2016-07-27 03:38:01 +0000},
	Doi = {10.1086/316630},
	Eprint = {astro-ph/0006217},
	Journal = {PASP},
	Keywords = {Techniques: Photometric},
	Month = oct,
	Pages = {1383-1396},
	Title = {{WFPC2 Stellar Photometry with HSTPHOT}},
	Volume = 112,
	Year = 2000,
	Bdsk-Url-1 = {http://dx.doi.org/10.1086/316630}}

@article{Freedman01,
	Adsnote = {Provided by the SAO/NASA Astrophysics Data System},
	Adsurl = {http://cdsads.u-strasbg.fr/abs/2001ApJ...553...47F},
	Author = {{Freedman}, W.~L. and {Madore}, B.~F. and {Gibson}, B.~K. and {Ferrarese}, L. and {Kelson}, D.~D. and {Sakai}, S. and {Mould}, J.~R. and {Kennicutt}, Jr., R.~C. and {Ford}, H.~C. and {Graham}, J.~A. and {Huchra}, J.~P. and {Hughes}, S.~M.~G. and {Illingworth}, G.~D. and {Macri}, L.~M. and {Stetson}, P.~B.},
	Date-Modified = {2016-07-27 03:38:40 +0000},
	Doi = {10.1086/320638},
	Eprint = {astro-ph/0012376},
	Journal = {ApJ},
	Keywords = {Stars: Variables: Cepheids, Cosmology: Observations, Cosmology: Distance Scale, Galaxies: Distances and Redshifts},
	Month = may,
	Pages = {47-72},
	Title = {{Final Results from the Hubble Space Telescope Key Project to Measure the Hubble Constant}},
	Volume = 553,
	Year = 2001,
	Bdsk-Url-1 = {http://dx.doi.org/10.1086/320638}}

@article{Niederhofer15,
	Adsnote = {Provided by the SAO/NASA Astrophysics Data System},
	Adsurl = {http://cdsads.u-strasbg.fr/abs/2015A%26A...575A..62N},
	Archiveprefix = {arXiv},
	Author = {{Niederhofer}, F. and {Hilker}, M. and {Bastian}, N. and {Silva-Villa}, E.},
	Date-Modified = {2016-07-27 03:44:21 +0000},
	Doi = {10.1051/0004-6361/201424455},
	Eid = {A62},
	Eprint = {1501.02275},
	Journal = {A\&A},
	Keywords = {galaxies: star clusters: general, Magellanic Clouds, Hertzsprung-Russell and C-M diagrams, stars: evolution},
	Month = mar,
	Pages = {A62},
	Title = {{No evidence for significant age spreads in young massive LMC clusters}},
	Volume = 575,
	Year = 2015,
	Bdsk-Url-1 = {http://dx.doi.org/10.1051/0004-6361/201424455}}

@article{Dirsch00,
	Adsnote = {Provided by the SAO/NASA Astrophysics Data System},
	Adsurl = {http://cdsads.u-strasbg.fr/abs/2000A%26A...360..133D},
	Author = {{Dirsch}, B. and {Richtler}, T. and {Gieren}, W.~P. and {Hilker}, M.},
	Date-Modified = {2016-07-27 03:48:26 +0000},
	Eprint = {astro-ph/0004009},
	Journal = {A\&A},
	Keywords = {STARS: ABUNDANCES, GALAXIES: ABUNDANCES, GALAXIES: EVOLUTION, GALAXIES: MAGELLANIC CLOUDS, GALAXIES: STAR CLUSTERS, GALAXIES: STELLAR CONTENT},
	Month = aug,
	Pages = {133-160},
	Title = {{Age and metallicity for six LMC clusters and their surrounding field population}},
	Volume = 360,
	Year = 2000}

@article{Harris09,
	Adsnote = {Provided by the SAO/NASA Astrophysics Data System},
	Adsurl = {http://cdsads.u-strasbg.fr/abs/2009AJ....138.1243H},
	Archiveprefix = {arXiv},
	Author = {{Harris}, J. and {Zaritsky}, D.},
	Date-Modified = {2016-07-27 03:41:33 +0000},
	Doi = {10.1088/0004-6256/138/5/1243},
	Eprint = {0908.1422},
	Journal = {AJ},
	Keywords = {galaxies: evolution, galaxies: individual: Large Magellanic Cloud, galaxies: stellar content, Magellanic Clouds},
	Month = nov,
	Pages = {1243-1260},
	Title = {{The Star Formation History of the Large Magellanic Cloud}},
	Volume = 138,
	Year = 2009,
	Bdsk-Url-1 = {http://dx.doi.org/10.1088/0004-6256/138/5/1243}}

@article{Hunter03,
	Adsnote = {Provided by the SAO/NASA Astrophysics Data System},
	Adsurl = {http://cdsads.u-strasbg.fr/abs/2003AJ....126.1836H},
	Author = {{Hunter}, D.~A. and {Elmegreen}, B.~G. and {Dupuy}, T.~J. and {Mortonson}, M.},
	Date-Modified = {2016-07-27 03:41:48 +0000},
	Doi = {10.1086/378056},
	Eprint = {astro-ph/0306528},
	Journal = {AJ},
	Keywords = {Galaxies: Irregular, Galaxies: Star Clusters, Galaxies: Magellanic Clouds},
	Month = oct,
	Pages = {1836-1848},
	Title = {{Cluster Mass Functions in the Large and Small Magellanic Clouds: Fading and Size-of-Sample Effects}},
	Volume = 126,
	Year = 2003,
	Bdsk-Url-1 = {http://dx.doi.org/10.1086/378056}}

@article{Nidever10,
	Adsnote = {Provided by the SAO/NASA Astrophysics Data System},
	Adsurl = {http://cdsads.u-strasbg.fr/abs/2010ApJ...723.1618N},
	Archiveprefix = {arXiv},
	Author = {{Nidever}, D.~L. and {Majewski}, S.~R. and {Butler Burton}, W. and {Nigra}, L.},
	Date-Modified = {2016-07-27 03:44:12 +0000},
	Doi = {10.1088/0004-637X/723/2/1618},
	Eprint = {1009.0001},
	Journal = {ApJ},
	Keywords = {galaxies: interactions, galaxies: kinematics and dynamics, Galaxy: halo, intergalactic medium, ISM: atoms, Local Group, Magellanic Clouds},
	Month = nov,
	Pages = {1618-1631},
	Title = {{The 200{\deg} Long Magellanic Stream System}},
	Volume = 723,
	Year = 2010,
	Bdsk-Url-1 = {http://dx.doi.org/10.1088/0004-637X/723/2/1618}}

@article{Putman03,
	Adsnote = {Provided by the SAO/NASA Astrophysics Data System},
	Adsurl = {http://cdsads.u-strasbg.fr/abs/2003ApJ...586..170P},
	Author = {{Putman}, M.~E. and {Staveley-Smith}, L. and {Freeman}, K.~C. and {Gibson}, B.~K. and {Barnes}, D.~G.},
	Date-Modified = {2016-07-27 03:44:39 +0000},
	Doi = {10.1086/344477},
	Eprint = {astro-ph/0209127},
	Journal = {ApJ},
	Keywords = {Galaxies: Interactions, galaxies: Local Group, Galaxy: Halo, Galaxies: Intergalactic Medium, Galaxies: Magellanic Clouds, Radio Lines: General},
	Month = mar,
	Pages = {170-194},
	Title = {{The Magellanic Stream, High-Velocity Clouds, and the Sculptor Group}},
	Volume = 586,
	Year = 2003,
	Bdsk-Url-1 = {http://dx.doi.org/10.1086/344477}}

@article{Reed2002,
	Author = {Reed, W. J.},
	Date-Added = {2016-03-26 15:01:12 +0000},
	Date-Modified = {2016-03-26 15:02:24 +0000},
	Journal = {Journal of Regional Science},
	Pages = {1-17},
	Title = {On the Rank-Size Distribution for Human Settlements.},
	Volume = {42},
	Year = {2002}}

@article{Maschberger2009,
	Adsnote = {Provided by the SAO/NASA Astrophysics Data System},
	Adsurl = {http://adsabs.harvard.edu/abs/2009MNRAS.395..931M},
	Archiveprefix = {arXiv},
	Author = {{Maschberger}, T. and {Kroupa}, P.},
	Date-Added = {2016-03-25 20:12:17 +0000},
	Date-Modified = {2016-07-27 03:43:39 +0000},
	Doi = {10.1111/j.1365-2966.2009.14577.x},
	Eprint = {0905.0474},
	Journal = {MNRAS},
	Keywords = {methods: data analysis , methods: statistical , stars: luminosity function, mass function , galaxies: star clusters},
	Month = may,
	Pages = {931-942},
	Primaryclass = {astro-ph.IM},
	Title = {{Estimators for the exponent and upper limit, and goodness-of-fit tests for (truncated) power-law distributions}},
	Volume = 395,
	Year = 2009,
	Bdsk-Url-1 = {http://dx.doi.org/10.1111/j.1365-2966.2009.14577.x}}

@article{Eker2014,
	Adsnote = {Provided by the SAO/NASA Astrophysics Data System},
	Adsurl = {http://adsabs.harvard.edu/abs/2014PASA...31...24E},
	Archiveprefix = {arXiv},
	Author = {{Eker}, Z. and {Bilir}, S. and {Soydugan}, F. and {G{\"o}k{\c c}e}, E.~Y. and {Soydugan}, E. and {T{\"u}ys{\"u}z}, M. and {{\c S}eny{\"u}z}, T. and {Demircan}, O.},
	Date-Added = {2016-03-25 20:11:38 +0000},
	Date-Modified = {2016-07-27 03:38:16 +0000},
	Doi = {10.1017/pasa.2014.17},
	Eid = {e024},
	Eprint = {1403.1583},
	Journal = {PASA},
	Keywords = {astronomical data based: catalogues, stars: binaries: eclipsing, stars: fundamental parameters, stars: binaries: spectroscopic},
	Month = may,
	Pages = {e024},
	Primaryclass = {astro-ph.SR},
	Title = {{The Catalogue of Stellar Parameters from the Detached Double-Lined Eclipsing Binaries in the Milky Way}},
	Volume = 31,
	Year = 2014,
	Bdsk-Url-1 = {http://dx.doi.org/10.1017/pasa.2014.17}}

@article{Bonnell2007,
	Adsnote = {Provided by the SAO/NASA Astrophysics Data System},
	Adsurl = {http://adsabs.harvard.edu/abs/2007prpl.conf..149B},
	Author = {{Bonnell}, I.~A. and {Larson}, R.~B. and {Zinnecker}, H.},
	Date-Added = {2016-03-25 14:11:44 +0000},
	Date-Modified = {2016-03-25 14:11:54 +0000},
	Eprint = {astro-ph/0603447},
	Journal = {Protostars and Planets V},
	Pages = {149-164},
	Title = {{The Origin of the Initial Mass Function}},
	Year = 2007}

@article{Offner2014,
	Adsnote = {Provided by the SAO/NASA Astrophysics Data System},
	Adsurl = {http://adsabs.harvard.edu/abs/2014prpl.conf...53O},
	Archiveprefix = {arXiv},
	Author = {{Offner}, S.~S.~R. and {Clark}, P.~C. and {Hennebelle}, P. and {Bastian}, N. and {Bate}, M.~R. and {Hopkins}, P.~F. and {Moraux}, E. and {Whitworth}, A.~P.},
	Date-Added = {2016-03-25 14:09:49 +0000},
	Date-Modified = {2016-03-25 14:10:18 +0000},
	Doi = {10.2458/azu_uapress_9780816531240-ch003},
	Eprint = {1312.5326},
	Journal = {Protostars and Planets VI},
	Pages = {53-75},
	Primaryclass = {astro-ph.SR},
	Title = {{The Origin and Universality of the Stellar Initial Mass Function}},
	Year = 2014,
	Bdsk-Url-1 = {http://dx.doi.org/10.2458/azu_uapress_9780816531240-ch003}}

@article{Grijs2002a,
	Adsnote = {Provided by the SAO/NASA Astrophysics Data System},
	Adsurl = {http://adsabs.harvard.edu/abs/2002MNRAS.331..228D},
	Author = {{de Grijs}, R. and {Johnson}, R.~A. and {Gilmore}, G.~F. and {Frayn}, C.~M.},
	Date-Added = {2016-03-25 14:04:53 +0000},
	Date-Modified = {2016-07-27 03:39:00 +0000},
	Doi = {10.1046/j.1365-8711.2002.05217.x},
	Eprint = {astro-ph/0111311},
	Journal = {MNRAS},
	Keywords = {stars: luminosity function, mass function, Magellanic Clouds, galaxies: star clusters, mass function, Magellanic Clouds, galaxies: star clusters},
	Month = mar,
	Pages = {228-244},
	Title = {{Mass segregation in young compact star clusters in the Large Magellanic Cloud - I. Data and luminosity functions}},
	Volume = 331,
	Year = 2002,
	Bdsk-Url-1 = {http://dx.doi.org/10.1046/j.1365-8711.2002.05217.x}}

@inproceedings{Kroupa2001a,
	Adsnote = {Provided by the SAO/NASA Astrophysics Data System},
	Adsurl = {http://adsabs.harvard.edu/abs/2001ASPC..228..187K},
	Author = {{Kroupa}, P.},
	Booktitle = {Dynamics of Star Clusters and the Milky Way},
	Date-Added = {2016-03-25 13:56:23 +0000},
	Date-Modified = {2016-03-25 13:56:55 +0000},
	Editor = {{Deiters}, S. and {Fuchs}, B. and {Just}, A. and {Spurzem}, R. and {Wielen}, R.},
	Eprint = {astro-ph/0011328},
	Pages = {187},
	Series = {Astronomical Society of the Pacific Conference Series},
	Title = {{The Local Stellar Initial Mass Function}},
	Volume = 228,
	Year = 2001}

@book{zielesny2011curve,
	Author = {Zielesny, Achim},
	Date-Added = {2016-01-13 17:13:45 +0000},
	Date-Modified = {2016-01-13 17:13:45 +0000},
	Publisher = {Springer Science \& Business Media},
	Title = {From Curve Fitting to Machine Learning: An Illustrative Guide to Scientific Data Analysis and Computational Intelligence},
	Volume = {18},
	Year = {2011}}

@book{ritz2008nonlinear,
	Author = {Ritz, Christian and Streibig, Jens Carl},
	Date-Added = {2016-01-13 17:12:24 +0000},
	Date-Modified = {2016-01-13 17:12:24 +0000},
	Publisher = {Springer Science \& Business Media},
	Title = {Nonlinear regression with R},
	Year = {2008}}

@article{levenberg1944method,
	Author = {Levenberg, Kenneth},
	Date-Added = {2016-01-13 17:10:34 +0000},
	Date-Modified = {2016-03-26 14:59:27 +0000},
	Journal = {Quaterly of Applied Mathematics},
	Pages = {164-168},
	Title = {A method for the solution of certain non--linear problems in least squares},
	Volume = {2},
	Year = {1944}}

@article{motulsky1987fitting,
	Author = {Motulsky, Harvey J and Ransnas, Lennart A},
	Date-Added = {2016-01-13 17:09:22 +0000},
	Date-Modified = {2016-01-13 17:09:22 +0000},
	Journal = {The FASEB journal},
	Number = {5},
	Pages = {365--374},
	Publisher = {FASEB},
	Title = {Fitting curves to data using nonlinear regression: a practical and nonmathematical review.},
	Volume = {1},
	Year = {1987}}

@article{johnson1992and,
	Author = {Johnson, Michael L},
	Date-Added = {2016-01-13 17:08:41 +0000},
	Date-Modified = {2016-01-13 17:08:41 +0000},
	Journal = {Analytical biochemistry},
	Number = {2},
	Pages = {215--225},
	Publisher = {Elsevier},
	Title = {Why, when, and how biochemists should use least squares},
	Volume = {206},
	Year = {1992}}

@article{Eker2015,
	Adsnote = {Provided by the SAO/NASA Astrophysics Data System},
	Adsurl = {http://adsabs.harvard.edu/abs/2015AJ....149..131E},
	Archiveprefix = {arXiv},
	Author = {{Eker}, Z. and {Soydugan}, F. and {Soydugan}, E. and {Bilir}, S. and {Yaz G{\"o}k{\c c}e}, E. and {Steer}, I. and {T{\"u}ys{\"u}z}, M. and {{\c S}eny{\"u}z}, T. and {Demircan}, O.},
	Date-Added = {2016-01-13 17:05:00 +0000},
	Date-Modified = {2016-07-27 03:40:06 +0000},
	Doi = {10.1088/0004-6256/149/4/131},
	Eid = {131},
	Eprint = {1501.06585},
	Journal = {AJ},
	Keywords = {binaries: eclipsing, binaries: spectroscopic, catalogs, stars: fundamental parameters},
	Month = apr,
	Pages = {131},
	Primaryclass = {astro-ph.SR},
	Title = {{Main-Sequence Effective Temperatures from a Revised Mass-Luminosity Relation Based on Accurate Properties}},
	Volume = 149,
	Year = 2015,
	Bdsk-Url-1 = {http://dx.doi.org/10.1088/0004-6256/149/4/131}}

@article{Bressan2012,
	Adsnote = {Provided by the SAO/NASA Astrophysics Data System},
	Adsurl = {http://adsabs.harvard.edu/abs/2012MNRAS.427..127B},
	Archiveprefix = {arXiv},
	Author = {{Bressan}, A. and {Marigo}, P. and {Girardi}, L. and {Salasnich}, B. and {Dal Cero}, C. and {Rubele}, S. and {Nanni}, A.},
	Date-Added = {2016-01-13 17:03:25 +0000},
	Date-Modified = {2016-01-13 17:03:42 +0000},
	Doi = {10.1111/j.1365-2966.2012.21948.x},
	Eprint = {1208.4498},
	Journal = {MNRAS},
	Keywords = {stars: evolution, Hertzsprung{\dash}Russell and colour magnitude diagrams, stars: interiors, stars: low-mass},
	Month = nov,
	Pages = {127-145},
	Primaryclass = {astro-ph.SR},
	Title = {{PARSEC: stellar tracks and isochrones with the PAdova and TRieste Stellar Evolution Code}},
	Volume = 427,
	Year = 2012,
	Bdsk-Url-1 = {http://dx.doi.org/10.1111/j.1365-2966.2012.21948.x}}

@article{Grijs2002,
	Adsnote = {Provided by the SAO/NASA Astrophysics Data System},
	Adsurl = {http://adsabs.harvard.edu/abs/2002MNRAS.331..245D},
	Author = {{de Grijs}, R. and {Gilmore}, G.~F. and {Johnson}, R.~A. and {Mackey}, A.~D.},
	Date-Added = {2016-01-13 16:51:45 +0000},
	Date-Modified = {2016-01-13 17:00:04 +0000},
	Doi = {10.1046/j.1365-8711.2002.05218.x},
	Eprint = {astro-ph/0111312},
	Journal = {MNRAS},
	Keywords = {stars: luminosity function, mass function, Magellanic Clouds, galaxies: star clusters, mass function, Magellanic Clouds, galaxies: star clusters},
	Month = mar,
	Pages = {245-258},
	Title = {{Mass segregation in young compact star clusters in the Large Magellanic Cloud - II. Mass functions}},
	Volume = 331,
	Year = 2002,
	Bdsk-Url-1 = {http://dx.doi.org/10.1046/j.1365-8711.2002.05218.x}}

@article{Sagar1991,
	Adsnote = {Provided by the SAO/NASA Astrophysics Data System},
	Adsurl = {http://adsabs.harvard.edu/abs/1991A%26A...250..324S},
	Author = {{Sagar}, R. and {Richtler}, T.},
	Date-Added = {2016-01-13 16:49:12 +0000},
	Date-Modified = {2016-07-27 03:44:55 +0000},
	Journal = {A\&A},
	Keywords = {Magellanic Clouds, Star Clusters, Stellar Luminosity, Stellar Mass, Error Analysis, Monte Carlo Method, Stellar Models},
	Month = oct,
	Pages = {324-339},
	Title = {{Mass functions of five young Large Magellanic Cloud star clusters}},
	Volume = 250,
	Year = 1991}

@article{Mateo1988,
	Adsnote = {Provided by the SAO/NASA Astrophysics Data System},
	Adsurl = {http://adsabs.harvard.edu/abs/1988ApJ...331..261M},
	Author = {{Mateo}, M.},
	Date-Added = {2016-01-13 16:46:32 +0000},
	Date-Modified = {2016-01-13 17:00:12 +0000},
	Doi = {10.1086/166552},
	Journal = {ApJ},
	Keywords = {Globular Clusters, Magellanic Clouds, Main Sequence Stars, Stellar Evolution, Stellar Luminosity, Color-Magnitude Diagram, Metallicity, Stellar Mass},
	Month = aug,
	Pages = {261-293},
	Title = {{Main-sequence luminosity and initial mass functions of six Magellanic Cloud star clusters ranging in age from 10 megayears to 2.5 gigayears}},
	Volume = 331,
	Year = 1988,
	Bdsk-Url-1 = {http://dx.doi.org/10.1086/166552}}

@article{Basu2015,
	Adsnote = {Provided by the SAO/NASA Astrophysics Data System},
	Adsurl = {http://adsabs.harvard.edu/abs/2015MNRAS.449.2413B},
	Archiveprefix = {arXiv},
	Author = {{Basu}, S. and {Gil}, M. and {Auddy}, S.},
	Date-Added = {2016-01-13 16:39:31 +0000},
	Date-Modified = {2016-01-13 16:59:59 +0000},
	Doi = {10.1093/mnras/stv445},
	Eprint = {1503.00023},
	Journal = {MNRAS},
	Keywords = {accretion, accretion discs, stars: formation, stars: luminosity function, mass function},
	Month = may,
	Pages = {2413-2420},
	Primaryclass = {astro-ph.SR},
	Title = {{The MLP distribution: a modified lognormal power-law model for the stellar initial mass function}},
	Volume = 449,
	Year = 2015,
	Bdsk-Url-1 = {http://dx.doi.org/10.1093/mnras/stv445}}

@article{Tinsley1980,
	Adsnote = {Provided by the SAO/NASA Astrophysics Data System},
	Adsurl = {http://adsabs.harvard.edu/abs/1980FCPh....5..287T},
	Author = {{Tinsley}, B.~M.},
	Date-Added = {2016-01-13 16:38:49 +0000},
	Date-Modified = {2016-07-27 03:46:05 +0000},
	Journal = {Fundamentals of Cosmic Physics},
	Pages = {287-388},
	Title = {{Evolution of the Stars and Gas in Galaxies}},
	Volume = 5,
	Year = 1980}

@article{Papp1983,
	Adsnote = {Provided by the SAO/NASA Astrophysics Data System},
	Adsurl = {http://adsabs.harvard.edu/abs/1983ApJ...268..145P},
	Author = {{Papp}, K.~A. and {Purton}, C.~R. and {Kwok}, S.},
	Date-Added = {2016-01-13 16:37:29 +0000},
	Date-Modified = {2016-01-13 17:19:17 +0000},
	Doi = {10.1086/160940},
	Journal = {ApJ},
	Keywords = {Metallicity, Planetary Nebulae, Stellar Evolution, Stellar Mass, Galactic Bulge, Interplanetary Magnetic Fields, Magellanic Clouds, Milky Way Galaxy},
	Month = may,
	Pages = {145-154},
	Title = {{The effects of mass and metallicity upon planetary nebula formation}},
	Volume = 268,
	Year = 1983,
	Bdsk-Url-1 = {http://dx.doi.org/10.1086/160940}}

@article{Dantona1978,
	Adsnote = {Provided by the SAO/NASA Astrophysics Data System},
	Adsurl = {http://adsabs.harvard.edu/abs/1978A%26A....66..453D},
	Author = {{D'antona}, F. and {Mazzitelli}, I.},
	Date-Added = {2016-01-13 16:36:13 +0000},
	Date-Modified = {2016-07-27 03:37:00 +0000},
	Journal = {A\&A},
	Keywords = {Stellar Evolution, Stellar Luminosity, Stellar Mass, Stellar Models, White Dwarf Stars, Protostars, Stellar Spectra},
	Month = jun,
	Pages = {453-461},
	Title = {{The progenitor masses and the luminosity function of white dwarfs}},
	Volume = 66,
	Year = 1978}

@article{Bruzual2003,
	Adsnote = {Provided by the SAO/NASA Astrophysics Data System},
	Adsurl = {http://adsabs.harvard.edu/abs/2003MNRAS.344.1000B},
	Author = {{Bruzual}, G. and {Charlot}, S.},
	Date-Added = {2016-01-13 16:33:50 +0000},
	Date-Modified = {2016-01-13 17:18:37 +0000},
	Doi = {10.1046/j.1365-8711.2003.06897.x},
	Eprint = {astro-ph/0309134},
	Journal = {MNRAS},
	Keywords = {stars: evolution, galaxies: evolution, galaxies: formation, galaxies: stellar content},
	Month = oct,
	Pages = {1000-1028},
	Title = {{Stellar population synthesis at the resolution of 2003}},
	Volume = 344,
	Year = 2003,
	Bdsk-Url-1 = {http://dx.doi.org/10.1046/j.1365-8711.2003.06897.x}}

@article{Basu2004,
	Adsnote = {Provided by the SAO/NASA Astrophysics Data System},
	Adsurl = {http://adsabs.harvard.edu/abs/2004MNRAS.347L..47B},
	Author = {{Basu}, S. and {Jones}, C.~E.},
	Date-Added = {2016-01-13 16:32:32 +0000},
	Date-Modified = {2016-01-13 17:19:37 +0000},
	Doi = {10.1111/j.1365-2966.2004.07405.x},
	Eprint = {astro-ph/0311365},
	Journal = {MNRAS},
	Keywords = {accretion, accretion discs, stars: formation, stars: luminosity function, mass function, ISM: clouds},
	Month = jan,
	Pages = {L47-L51},
	Title = {{On the power-law tail in the mass function of protostellar condensations and stars}},
	Volume = 347,
	Year = 2004,
	Bdsk-Url-1 = {http://dx.doi.org/10.1111/j.1365-2966.2004.07405.x}}

@article{Kroupa2001,
	Adsnote = {Provided by the SAO/NASA Astrophysics Data System},
	Adsurl = {http://adsabs.harvard.edu/abs/2001MNRAS.322..231K},
	Author = {{Kroupa}, P.},
	Date-Added = {2016-01-13 16:31:40 +0000},
	Date-Modified = {2016-01-13 17:19:30 +0000},
	Doi = {10.1046/j.1365-8711.2001.04022.x},
	Eprint = {astro-ph/0009005},
	Journal = {MNRAS},
	Keywords = {BINARIES: GENERAL, STARS: FORMATION, STARS: KINEMATICS, STARS: LUMINOSITY FUNCTION, MASS FUNCTION, GLOBULAR CLUSTERS: GENERAL, OPEN CLUSTERS AND ASSOCIATIONS: GENERAL},
	Month = apr,
	Pages = {231-246},
	Title = {{On the variation of the initial mass function}},
	Volume = 322,
	Year = 2001,
	Bdsk-Url-1 = {http://dx.doi.org/10.1046/j.1365-8711.2001.04022.x}}

@article{Kroupa2002,
	Adsnote = {Provided by the SAO/NASA Astrophysics Data System},
	Adsurl = {http://adsabs.harvard.edu/abs/2002Sci...295...82K},
	Author = {{Kroupa}, P.},
	Date-Added = {2016-01-13 16:31:09 +0000},
	Date-Modified = {2016-01-13 16:45:11 +0000},
	Doi = {10.1126/science.1067524},
	Eprint = {astro-ph/0201098},
	Journal = {Science},
	Month = jan,
	Pages = {82-91},
	Title = {{The Initial Mass Function of Stars: Evidence for Uniformity in Variable Systems}},
	Volume = 295,
	Year = 2002,
	Bdsk-Url-1 = {http://dx.doi.org/10.1126/science.1067524}}

@article{Kroupa1993,
	Adsnote = {Provided by the SAO/NASA Astrophysics Data System},
	Adsurl = {http://adsabs.harvard.edu/abs/1993MNRAS.262..545K},
	Author = {{Kroupa}, P. and {Tout}, C.~A. and {Gilmore}, G.},
	Date-Added = {2016-01-13 16:29:24 +0000},
	Date-Modified = {2016-01-13 17:18:28 +0000},
	Doi = {10.1093/mnras/262.3.545},
	Journal = {MNRAS},
	Keywords = {Binary Stars, Galactic Nuclei, Milky Way Galaxy, Star Distribution, Stellar Mass, Color-Magnitude Diagram, Main Sequence Stars, Mass To Light Ratios, Metallicity, Solar Neighborhood, Stellar Evolution, Stellar Luminosity},
	Month = jun,
	Pages = {545-587},
	Title = {{The distribution of low-mass stars in the Galactic disc}},
	Volume = 262,
	Year = 1993,
	Bdsk-Url-1 = {http://dx.doi.org/10.1093/mnras/262.3.545}}

@article{Chabrier2003,
	Adsnote = {Provided by the SAO/NASA Astrophysics Data System},
	Adsurl = {http://adsabs.harvard.edu/abs/2003PASP..115..763C},
	Author = {{Chabrier}, G.},
	Date-Added = {2016-01-13 16:28:30 +0000},
	Date-Modified = {2016-01-13 17:18:52 +0000},
	Doi = {10.1086/376392},
	Eprint = {astro-ph/0304382},
	Journal = {PASP},
	Keywords = {Galaxies: Luminosity Function, Mass Function, Invited Reviews},
	Month = jul,
	Pages = {763-795},
	Title = {{Galactic Stellar and Substellar Initial Mass Function}},
	Volume = 115,
	Year = 2003,
	Bdsk-Url-1 = {http://dx.doi.org/10.1086/376392}}

@book{Aitchison1957,
	Address = {London},
	Author = {Aitchison, John and Brown, James A C},
	Date-Added = {2016-01-13 16:27:20 +0000},
	Date-Modified = {2016-01-13 17:19:24 +0000},
	Publisher = {Cambridge Univ. Press},
	Title = {{The lognormal distribution with special reference to its uses in economics}},
	Url = {http://cds.cern.ch/record/109563},
	Year = {1957},
	Bdsk-Url-1 = {http://cds.cern.ch/record/109563}}

@article{Zinnecker1984,
	Adsnote = {Provided by the SAO/NASA Astrophysics Data System},
	Adsurl = {http://adsabs.harvard.edu/abs/1984MNRAS.210...43Z},
	Author = {{Zinnecker}, H.},
	Date-Added = {2016-01-13 16:25:41 +0000},
	Date-Modified = {2016-01-13 17:18:10 +0000},
	Doi = {10.1093/mnras/210.1.43},
	Journal = {MNRAS},
	Keywords = {Mass Distribution, Molecular Clouds, Star Formation, Statistical Distributions, Stellar Models, Angular Momentum, Binary Stars, Dwarf Stars, Functions (Mathematics), Interstellar Matter, Orbital Elements},
	Month = sep,
	Pages = {43-56},
	Title = {{Star formation from hierarchical cloud fragmentation - A statistical theory of the log-normal Initial Mass Function}},
	Volume = 210,
	Year = 1984,
	Bdsk-Url-1 = {http://dx.doi.org/10.1093/mnras/210.1.43}}

@article{Miller1979,
	Adsnote = {Provided by the SAO/NASA Astrophysics Data System},
	Adsurl = {http://adsabs.harvard.edu/abs/1979ApJS...41..513M},
	Author = {{Miller}, G.~E. and {Scalo}, J.~M.},
	Date-Added = {2016-01-13 16:24:32 +0000},
	Date-Modified = {2016-01-13 17:18:46 +0000},
	Doi = {10.1086/190629},
	Journal = {ApJ},
	Keywords = {Cosmology, Solar System, Stellar Evolution, Stellar Mass, Gas Density, Main Sequence Stars, Milky Way Galaxy, Nuclear Fusion, Planetary Nebulae, Stellar Luminosity, Stellar Mass Accretion, Stellar Mass Ejection, Supernovae, White Dwarf Stars},
	Month = nov,
	Pages = {513-547},
	Title = {{The initial mass function and stellar birthrate in the solar neighborhood}},
	Volume = 41,
	Year = 1979,
	Bdsk-Url-1 = {http://dx.doi.org/10.1086/190629}}

@article{Salpeter1955,
	Adsnote = {Provided by the SAO/NASA Astrophysics Data System},
	Adsurl = {http://adsabs.harvard.edu/abs/1955ApJ...121..161S},
	Author = {{Salpeter}, E.~E.},
	Date-Added = {2016-01-13 16:23:37 +0000},
	Date-Modified = {2016-01-13 17:17:41 +0000},
	Doi = {10.1086/145971},
	Journal = {ApJ},
	Month = jan,
	Pages = {161},
	Title = {{The Luminosity Function and Stellar Evolution.}},
	Volume = 121,
	Year = 1955,
	Bdsk-Url-1 = {http://dx.doi.org/10.1086/145971}}

@article{Klessen2011,
	Adsnote = {Provided by the SAO/NASA Astrophysics Data System},
	Adsurl = {http://adsabs.harvard.edu/abs/2011ASL.....4..258K},
	Author = {{Klessen}, R.~S. and {Krumholz}, M.~R. and {Heitsch}, F.},
	Date-Added = {2016-01-13 16:21:25 +0000},
	Date-Modified = {2016-01-13 17:19:45 +0000},
	Doi = {10.1166/asl.2011.1207},
	Journal = {Advanced Science Letters},
	Month = feb,
	Pages = {258-285},
	Title = {{Numerical Star-Formation Studies - A Status Report}},
	Volume = 4,
	Year = 2011,
	Bdsk-Url-1 = {http://dx.doi.org/10.1166/asl.2011.1207}}

@article{Scalo1986,
	Adsnote = {Provided by the SAO/NASA Astrophysics Data System},
	Adsurl = {http://adsabs.harvard.edu/abs/1986FCPh...11....1S},
	Author = {{Scalo}, J.~M.},
	Date-Added = {2016-01-13 16:19:14 +0000},
	Date-Modified = {2016-01-13 17:18:17 +0000},
	Journal = {FCP},
	Keywords = {Mass Distribution, Stellar Evolution, Stellar Mass, Chronology, Galaxies, Mass To Light Ratios, Metallicity, Star Clusters, Stellar Luminosity, Stellar Spectra},
	Month = may,
	Pages = {1-278},
	Title = {{The stellar initial mass function}},
	Volume = 11,
	Year = 1986}

@article{bastian2010,
	Adsnote = {Provided by the SAO/NASA Astrophysics Data System},
	Adsurl = {http://adsabs.harvard.edu/abs/2010ARA%26A..48..339B},
	Archiveprefix = {arXiv},
	Author = {{Bastian}, N. and {Covey}, K.~R. and {Meyer}, M.~R.},
	Date-Added = {2016-01-13 16:08:35 +0000},
	Date-Modified = {2016-07-27 03:36:23 +0000},
	Doi = {10.1146/annurev-astro-082708-101642},
	Eprint = {1001.2965},
	Journal = {ARA\&A},
	Month = sep,
	Pages = {339-389},
	Title = {{A Universal Stellar Initial Mass Function? A Critical Look at Variations}},
	Volume = 48,
	Year = 2010,
	Bdsk-Url-1 = {http://dx.doi.org/10.1146/annurev-astro-082708-101642}}
